@inproceedings{Williams,
	doi = {10.1109/csee.2001.913816},
	url = {https://doi.org/10.1109/csee.2001.913816},
	publisher = {{IEEE} Comput. Soc},
	author = {L. Williams},
	title = {Integrating pair programming into a software development process},
	booktitle = {Proceedings 14th Conference on Software Engineering Education and Training. {\textquotesingle}In search of a software engineering profession{\textquotesingle} (Cat. No.{PR}01059)}
}

@article{Williams_2001,
	doi = {10.1145/366413.364614},
	url = {https://doi.org/10.1145/366413.364614},
	year = 2001,
	month = {mar},
	publisher = {Association for Computing Machinery ({ACM})},
	volume = {33},
	number = {1},
	pages = {327--331},
	author = {Laurie Williams and Richard L. Upchurch},
	title = {In support of student pair-programming},
	journal = {{ACM} {SIGCSE} Bulletin}
}

@article{Mentz_2008,
	doi = {10.1080/08993400802461396},
	url = {https://doi.org/10.1080/08993400802461396},
	year = 2008,
	month = {dec},
	publisher = {Informa {UK} Limited},
	volume = {18},
	number = {4},
	pages = {247--260},
	author = {E. Mentz and J. L. van der Walt and L. Goosen},
	title = {The effect of incorporating cooperative learning principles in pair programming for student teachers},
	journal = {Computer Science Education}
}

@article{Williams_2002,
	doi = {10.1076/csed.12.3.197.8618},
	url = {https://doi.org/10.1076/csed.12.3.197.8618},
	year = 2002,
	month = {sep},
	publisher = {Informa {UK} Limited},
	volume = {12},
	number = {3},
	pages = {197--212},
	author = {Laurie Williams and Eric Wiebe and Kai Yang and Miriam Ferzli and Carol Miller},
	title = {In Support of Pair Programming in the Introductory Computer Science Course},
	journal = {Computer Science Education}
}

@inproceedings{mcdowell2003experimenting,
  title={Experimenting with pair programming in the classroom},
  author={McDowell, Charlie and Hanks, Brian and Werner, Linda},
  booktitle={Proceedings of the 8th annual conference on Innovation and technology in computer science education},
  pages={60--64},
  year={2003}
}

@inproceedings{mendes2005investigating,
  title={Investigating pair-programming in a 2nd-year software development and design computer science course},
  author={Mendes, Emilia and Al-Fakhri, Lubna Basil and Luxton-Reilly, Andrew},
  booktitle={Proceedings of the 10th annual SIGCSE conference on Innovation and technology in computer science education},
  pages={296--300},
  year={2005}
}

@article{mendes2006replicated,
  title={A replicated experiment of pair-programming in a 2nd-year software development and design computer science course},
  author={Mendes, Emilia and Al-Fakhri, Lubna and Luxton-Reilly, Andrew},
  journal={ACM SIGCSE Bulletin},
  volume={38},
  number={3},
  pages={108--112},
  year={2006},
  publisher={ACM New York, NY, USA}
}

@article{werner2004pair, title={Pair-programming helps female computer science students},
  author={Werner, Linda L and Hanks, Brian and McDowell, Charlie},
  journal={Journal on Educational Resources in Computing (JERIC)},
  volume={4},
  number={1},
  pages={4--es},
  year={2004},
  publisher={ACM New York, NY, USA}
}


@article{cliburn2003experiences,
  title={Experiences with pair programming at a small college},
  author={Cliburn, Daniel C},
  journal={Journal of Computing Sciences in Colleges},
  volume={19},
  number={1},
  pages={20--29},
  year={2003},
  publisher={Consortium for Computing Sciences in Colleges}
}

